<?xml version="1.0" encoding="UTF-8"?><collection xmlns="http://www.loc.gov/MARC21/slim"><record><leader>00391nam--2200145-i-4500</leader><controlfield tag="001">000039919</controlfield><controlfield tag="002">20161230</controlfield><controlfield tag="005">20161230201042</controlfield><controlfield tag="008">060222s1000------------r-----000-0-eng-d</controlfield><datafield ind1=" " ind2=" " tag="100"><subfield code="a">Ruhs,F</subfield></datafield><datafield ind1=" " ind2=" " tag="245"><subfield code="a">Funkstionentheorie</subfield></datafield><datafield ind1=" " ind2=" " tag="260"><subfield code="a">Berlin,Veb Deutsche Verlag Der Wiss, 1962. 510 P. + 119 Fig</subfield></datafield><datafield ind1=" " ind2=" " tag="490"><subfield code="a">Hochschulbucher Fur Math</subfield></datafield><datafield ind1=" " ind2=" " tag="852"><subfield code="a">18786</subfield><subfield code="c">517.5</subfield></datafield><datafield ind1=" " ind2=" " tag="CAT"><subfield code="a">Sys</subfield><subfield code="c">20080801</subfield><subfield code="h">100701</subfield></datafield></record></collection>